
% human thinking
@article{armstrong1983human-concepts,
  title={What some concepts might not be},
  author={Armstrong, Sharon Lee and Gleitman, Lila R and Gleitman, Henry},
  journal={Cognition},
  volume={13},
  number={3},
  pages={263--308},
  year={1983},
  publisher={Elsevier}
}
@phdthesis{tenenbaum1999concept-learning,
  title={A Bayesian framework for concept learning},
  author={Tenenbaum, Joshua Brett},
  year={1999},
  school={Massachusetts Institute of Technology}
}

% human subject study
@article{doshi2017towards,
  title={Towards a rigorous science of interpretable machine learning},
  author={Doshi-Velez, Finale and Kim, Been},
  journal={arXiv preprint arXiv:1702.08608},
  year={2017}
}
@inproceedings{poursabzi2021manipulating,
  title={Manipulating and measuring model interpretability},
  author={Poursabzi-Sangdeh, Forough and Goldstein, Daniel G and Hofman, Jake M and Wortman Vaughan, Jennifer Wortman and Wallach, Hanna},
  booktitle={Proceedings of the 2021 {CHI} Conference on Human Factors in Computing Systems},
  pages={1--52},
  year={2021}
}

%  concept-based explanations
@inproceedings{kim2018tcav,
  author       = {Been Kim and
                  Martin Wattenberg and
                  Justin Gilmer and
                  Carrie J. Cai and
                  James Wexler and
                  Fernanda B. Vi{\'{e}}gas and
                  Rory Sayres},
  title        = {Interpretability Beyond Feature Attribution: Quantitative Testing
                  with Concept Activation Vectors {(TCAV)}},
  booktitle    = {Proceedings of the 35th International Conference on Machine Learning,
                  ({ICML})},
  series       = {Proceedings of Machine Learning Research},
  volume       = {80},
  pages        = {2673--2682},
  publisher    = {{PMLR}},
  year         = {2018},
  url          = {http://proceedings.mlr.press/v80/kim18d.html}
}

@inproceedings{ghorbani2019ace,
  author       = {Amirata Ghorbani and
                  James Wexler and
                  James Y. Zou and
                  Been Kim},
  title        = {Towards Automatic Concept-based Explanations},
  booktitle    = {Advances in Neural Information Processing Systems 32: Annual Conference
                  on Neural Information Processing Systems ({NeurIPS})},
  pages        = {9273--9282},
  year         = {2019},
  url          = {https://proceedings.neurips.cc/paper/2019/hash/77d2afcb31f6493e350fca61764efb9a-Abstract.html}
}

@inproceedings{SENN,
  author       = {David Alvarez{-}Melis and
                  Tommi S. Jaakkola},
  title        = {Towards Robust Interpretability with Self-Explaining Neural Networks},
  booktitle    = {Advances in Neural Information Processing Systems 31: Annual Conference
                  on Neural Information Processing Systems ({NeurIPS})},
  pages        = {7786--7795},
  year         = {2018},
  url          = {https://proceedings.neurips.cc/paper/2018/hash/3e9f0fc9b2f89e043bc6233994dfcf76-Abstract.html}
}

@article{yeh2019completeness,
  title={On completeness-aware concept-based explanations in deep neural networks},
  author={Yeh, Chih-Kuan and Kim, Been and Arik, Sercan O and Li, Chun-Liang and Pfister, Tomas and Ravikumar, Pradeep},
  journal={arXiv preprint arXiv:1910.07969},
  year={2019}
}

@inproceedings{yeh2020completeness,
  author       = {Chih{-}Kuan Yeh and
                  Been Kim and
                  Sercan {\"{O}}mer Arik and
                  Chun{-}Liang Li and
                  Tomas Pfister and
                  Pradeep Ravikumar},
  title        = {On Completeness-aware Concept-Based Explanations in Deep Neural Networks},
  booktitle    = {Advances in Neural Information Processing Systems 33: Annual Conference
                  on Neural Information Processing Systems ({NeurIPS})},
  year         = {2020},
  url          = {https://proceedings.neurips.cc/paper/2020/hash/ecb287ff763c169694f682af52c1f309-Abstract.html}
}

@inproceedings{adebayo2020debugging,
  author    = {Julius Adebayo and
               Michael Muelly and
               Ilaria Liccardi and
               Been Kim},
  title     = {Debugging Tests for Model Explanations},
  booktitle = {Advances in Neural Information Processing Systems 33: Annual Conference
               on Neural Information Processing Systems},
  year      = {2020},
  url       = {https://proceedings.neurips.cc/paper/2020/hash/075b051ec3d22dac7b33f788da631fd4-Abstract.html}
}

@article{araujo2019computing,
  author = {Araujo, Andre and Norris, Wade and Sim, Jack},
  title = {Computing Receptive Fields of Convolutional Neural Networks},
  journal = {Distill},
  year = {2019},
  note = {\url{https://distill.pub/2019/computing-receptive-fields}},
  doi = {10.23915/distill.00021}
}

@inproceedings{koh2020concept-bottleneck,
  author       = {Pang Wei Koh and
                  Thao Nguyen and
                  Yew Siang Tang and
                  Stephen Mussmann and
                  Emma Pierson and
                  Been Kim and
                  Percy Liang},
  title        = {Concept Bottleneck Models},
  booktitle    = {Proceedings of the 37th International Conference on Machine Learning ({ICML})},
  series       = {Proceedings of Machine Learning Research},
  volume       = {119},
  pages        = {5338--5348},
  publisher    = {{PMLR}},
  year         = {2020},
  url          = {http://proceedings.mlr.press/v119/koh20a.html}
}
@inproceedings{zhou2018interpretable,
  title={Interpretable basis decomposition for visual explanation},
  author={Zhou, Bolei and Sun, Yiyou and Bau, David and Torralba, Antonio},
  booktitle={Proceedings of the European Conference on Computer Vision (ECCV)},
  pages={119--134},
  year={2018}
}

@article{bouchacourt2019educe,
  author       = {Diane Bouchacourt and
                  Ludovic Denoyer},
  title        = {{EDUCE:} Explaining model Decisions through Unsupervised Concepts
                  Extraction},
  journal      = {CoRR},
  volume       = {abs/1905.11852},
  year         = {2019},
  url          = {http://arxiv.org/abs/1905.11852},
  eprinttype    = {arXiv},
  eprint       = {1905.11852}
}

% Feature attribution method
@article{baehrens2009grad,
  title={How to explain individual classification decisions},
  author={Baehrens, David and Schroeter, Timon and Harmeling, Stefan and Kawanabe, Motoaki and Hansen, Katja and M{\"u}ller, Klaus-Robert},
  journal={arXiv preprint arXiv:0912.1128},
  year={2009}
}
@article{simonyan2013grad,
  title={Deep inside convolutional networks: Visualising image classification models and saliency maps},
  author={Simonyan, Karen and Vedaldi, Andrea and Zisserman, Andrew},
  journal={arXiv preprint arXiv:1312.6034},
  year={2013}
}
@article{smilkov2017smoothgrad,
  title={Smoothgrad: removing noise by adding noise},
  author={Smilkov, Daniel and Thorat, Nikhil and Kim, Been and Vi{\'e}gas, Fernanda and Wattenberg, Martin},
  journal={arXiv preprint arXiv:1706.03825},
  year={2017}
}
@inproceedings{sundararajan2017IG,
  author       = {Mukund Sundararajan and
                  Ankur Taly and
                  Qiqi Yan},
  title        = {Axiomatic Attribution for Deep Networks},
  booktitle    = {Proceedings of the 34th International Conference on Machine Learning ({ICML})},
  series       = {Proceedings of Machine Learning Research},
  volume       = {70},
  pages        = {3319--3328},
  publisher    = {{PMLR}},
  year         = {2017},
  url          = {http://proceedings.mlr.press/v70/sundararajan17a.html}
}
@inproceedings{ribeiro2016LIME,
  title={"Why should i trust you?" Explaining the predictions of any classifier},
  author={Ribeiro, Marco Tulio and Singh, Sameer and Guestrin, Carlos},
  booktitle={Proceedings of the 22nd {ACM SIGKDD} international conference on knowledge discovery and data mining},
  pages={1135--1144},
  year={2016}
}
% GradCAM and GradCAM++
@inproceedings{selvaraju2017gradcam,
  author    = {Ramprasaath R. Selvaraju and
               Michael Cogswell and
               Abhishek Das and
               Ramakrishna Vedantam and
               Devi Parikh and
               Dhruv Batra},
  title     = {Grad-CAM: Visual Explanations from Deep Networks via Gradient-Based
               Localization},
  booktitle = {{IEEE} International Conference on Computer Vision ({ICCV})},
  pages     = {618--626},
  publisher = {{IEEE} Computer Society},
  year      = {2017},
  url       = {https://doi.org/10.1109/ICCV.2017.74},
  doi       = {10.1109/ICCV.2017.74}
}

@inproceedings{chattopadhyay2018gradcam,
  author    = {Aditya Chattopadhyay and
               Anirban Sarkar and
               Prantik Howlader and
               Vineeth N. Balasubramanian},
  title     = {Grad-CAM++: Generalized Gradient-Based Visual Explanations for Deep
               Convolutional Networks},
  booktitle = {2018 {IEEE} Winter Conference on Applications of Computer Vision ({WACV})},
  pages     = {839--847},
  publisher = {{IEEE} Computer Society},
  year      = {2018},
  url       = {https://doi.org/10.1109/WACV.2018.00097},
  doi       = {10.1109/WACV.2018.00097}
}

% Vulnerability of feature attribution
@inproceedings{ghorbani2019fragile,
  title={Interpretation of neural networks is fragile},
  author={Ghorbani, Amirata and Abid, Abubakar and Zou, James},
  booktitle={Proceedings of the {AAAI} Conference on Artificial Intelligence},
  volume={33},
  number={01},
  pages={3681--3688},
  year={2019}
}
@article{heo2019fooling,
  title={Fooling neural network interpretations via adversarial model manipulation},
  author={Heo, Juyeon and Joo, Sunghwan and Moon, Taesup},
  journal={Advances in Neural Information Processing Systems},
  volume={32},
  pages={2925--2936},
  year={2019}
}
@inproceedings{slack2020fooling,
  title={Fooling {LIME} and {SHAP}: {A}dversarial attacks on post hoc explanation methods},
  author={Slack, Dylan and Hilgard, Sophie and Jia, Emily and Singh, Sameer and Lakkaraju, Himabindu},
  booktitle={Proceedings of the {AAAI/ACM} Conference on {AI}, Ethics, and Society},
  pages={180--186},
  year={2020}
}


% shapley
@article{shapley1953value,
  title={A value for n-person games},
  author={Shapley, LS},
  journal={Contributions to the Theory of Games},
  number={28},
  pages={307--317},
  year={1953},
  publisher={Princeton University Press}
}
@inproceedings{lundberg2017shapley,
  author       = {Scott M. Lundberg and
                  Su{-}In Lee},
  title        = {A Unified Approach to Interpreting Model Predictions},
  booktitle    = {Advances in Neural Information Processing Systems 30: Annual Conference
                  on Neural Information Processing Systems},
  pages        = {4765--4774},
  year         = {2017},
  url          = {https://proceedings.neurips.cc/paper/2017/hash/8a20a8621978632d76c43dfd28b67767-Abstract.html}
}
@inproceedings{chen2018shapley,
  author       = {Jianbo Chen and
                  Le Song and
                  Martin J. Wainwright and
                  Michael I. Jordan},
  title        = {L-Shapley and C-Shapley: Efficient Model Interpretation for Structured
                  Data},
  booktitle    = {7th International Conference on Learning Representations ({ICLR})},
  publisher    = {OpenReview.net},
  year         = {2019},
  url          = {https://openreview.net/forum?id=S1E3Ko09F7}
}
@inproceedings{sundararajan2020shapley,
  title={The many {Shapley} values for model explanation},
  author={Sundararajan, Mukund and Najmi, Amir},
  booktitle={International Conference on Machine Learning},
  pages={9269--9278},
  year={2020},
  organization={{PMLR}}
}
@article{fujimoto2006axiomatic,
  title={Axiomatic characterizations of probabilistic and cardinal-probabilistic interaction indices},
  author={Fujimoto, Katsushige and Kojadinovic, Ivan and Marichal, Jean-Luc},
  journal={Games and Economic Behavior},
  volume={55},
  number={1},
  pages={72--99},
  year={2006},
  publisher={Elsevier}
}

@inproceedings{hendrycks2022pixmix,
  author       = {Dan Hendrycks and
                  Andy Zou and
                  Mantas Mazeika and
                  Leonard Tang and
                  Bo Li and
                  Dawn Song and
                  Jacob Steinhardt},
  title        = {{PixMix}: {D}reamlike Pictures Comprehensively Improve Safety Measures},
  booktitle    = {{IEEE/CVF} Conference on Computer Vision and Pattern Recognition ({CVPR})},
  pages        = {16762--16771},
  publisher    = {{IEEE}},
  year         = {2022},
  url          = {https://doi.org/10.1109/CVPR52688.2022.01628},
  doi          = {10.1109/CVPR52688.2022.01628}
}

%  OOD detection
@inproceedings{hendrycks2019scaling,
  author       = {Dan Hendrycks and
                  Steven Basart and
                  Mantas Mazeika and
                  Andy Zou and
                  Joseph Kwon and
                  Mohammadreza Mostajabi and
                  Jacob Steinhardt and
                  Dawn Song},
  title        = {Scaling Out-of-Distribution Detection for Real-World Settings},
  booktitle    = {International Conference on Machine Learning ({ICML})},
  series       = {Proceedings of Machine Learning Research},
  volume       = {162},
  pages        = {8759--8773},
  publisher    = {{PMLR}},
  year         = {2022},
  url          = {https://proceedings.mlr.press/v162/hendrycks22a.html}
}

@inproceedings{hendrycks2016msp,
  author       = {Dan Hendrycks and
                  Kevin Gimpel},
  title        = {A Baseline for Detecting Misclassified and Out-of-Distribution Examples
                  in Neural Networks},
  booktitle    = {5th International Conference on Learning Representations ({ICLR})},
  publisher    = {OpenReview.net},
  year         = {2017},
  url          = {https://openreview.net/forum?id=Hkg4TI9xl}
}
@inproceedings{liang2018ODIN,
  author       = {Shiyu Liang and
                  Yixuan Li and
                  R. Srikant},
  title        = {Enhancing The Reliability of Out-of-distribution Image Detection in
                  Neural Networks},
  booktitle    = {6th International Conference on Learning Representations ({ICLR})},
  publisher    = {OpenReview.net},
  year         = {2018},
  url          = {https://openreview.net/forum?id=H1VGkIxRZ}
}

@inproceedings{hsu2020GeneralizedODIN,
  author       = {Yen{-}Chang Hsu and
                  Yilin Shen and
                  Hongxia Jin and
                  Zsolt Kira},
  title        = {Generalized {ODIN:} Detecting Out-of-Distribution Image Without Learning
                  From Out-of-Distribution Data},
  booktitle    = {2020 {IEEE/CVF} Conference on Computer Vision and Pattern Recognition ({CVPR})},
  pages        = {10948--10957},
  publisher    = {Computer Vision Foundation / {IEEE}},
  year         = {2020},
  url          = {https://openaccess.thecvf.com/content\_CVPR\_2020/html/Hsu\_Generalized\_ODIN\_Detecting\_Out-of-Distribution\_Image\_Without\_Learning\_From\_Out-of-Distribution\_Data\_CVPR\_2020\_paper.html},
  doi          = {10.1109/CVPR42600.2020.01096}
}
@inproceedings{liu2020energy,
  author       = {Weitang Liu and
                  Xiaoyun Wang and
                  John D. Owens and
                  Yixuan Li},
  title        = {Energy-based Out-of-distribution Detection},
  booktitle    = {Advances in Neural Information Processing Systems 33: Annual Conference
                  on Neural Information Processing Systems 2020 ({NeurIPS})},
  year         = {2020},
  url          = {https://proceedings.neurips.cc/paper/2020/hash/f5496252609c43eb8a3d147ab9b9c006-Abstract.html}
}
@inproceedings{lee2018mahalanobis,
  author       = {Kimin Lee and
                  Kibok Lee and
                  Honglak Lee and
                  Jinwoo Shin},
  title        = {A Simple Unified Framework for Detecting Out-of-Distribution Samples
                  and Adversarial Attacks},
  booktitle    = {Advances in Neural Information Processing Systems 31: Annual Conference
                  on Neural Information Processing Systems ({NeurIPS})},
  pages        = {7167--7177},
  year         = {2018},
  url          = {https://proceedings.neurips.cc/paper/2018/hash/abdeb6f575ac5c6676b747bca8d09cc2-Abstract.html}
}
@inproceedings{raghuram2021JTLA,
  author       = {Jayaram Raghuram and
                  Varun Chandrasekaran and
                  Somesh Jha and
                  Suman Banerjee},
  title        = {A General Framework For Detecting Anomalous Inputs to {DNN} Classifiers},
  booktitle    = {Proceedings of the 38th International Conference on Machine Learning ({ICML})},
  series       = {Proceedings of Machine Learning Research},
  volume       = {139},
  pages        = {8764--8775},
  publisher    = {{PMLR}},
  year         = {2021},
  url          = {http://proceedings.mlr.press/v139/raghuram21a.html}
}
% Has a discussion on auxiliary OOD data
@inproceedings{hendrycks2018OE,
  author    = {Dan Hendrycks and
               Mantas Mazeika and
               Thomas G. Dietterich},
  title     = {Deep Anomaly Detection with Outlier Exposure},
  booktitle = {7th International Conference on Learning Representations ({ICLR})},
  publisher = {OpenReview.net},
  year      = {2019},
  url       = {https://openreview.net/forum?id=HyxCxhRcY7}
}
@inproceedings{lin2021MOOD,
  title={{MOOD}: {M}ulti-level Out-of-distribution Detection},
  author={Lin, Ziqian and Roy, Sreya Dutta and Li, Yixuan},
  booktitle={Proceedings of the {IEEE/CVF} Conference on Computer Vision and Pattern Recognition},
  pages={15313--15323},
  year={2021}
}
@inproceedings{mohseni2020self,
  author       = {Sina Mohseni and
                  Mandar Pitale and
                  J. B. S. Yadawa and
                  Zhangyang Wang},
  title        = {Self-Supervised Learning for Generalizable Out-of-Distribution Detection},
  booktitle    = {The Thirty-Fourth {AAAI} Conference on Artificial Intelligence},
  pages        = {5216--5223},
  publisher    = {{AAAI} Press},
  year         = {2020},
  url          = {https://ojs.aaai.org/index.php/AAAI/article/view/5966}
}

@article{devries2018learning,
  title={Learning confidence for out-of-distribution detection in neural networks},
  author={DeVries, Terrance and Taylor, Graham W},
  journal={arXiv preprint arXiv:1802.04865},
  year={2018}
}
@inproceedings{lee2018training,
  title={Training Confidence-calibrated Classifiers for Detecting Out-of-Distribution Samples},
  author={Lee, Kimin and Lee, Honglak and Lee, Kibok and Shin, Jinwoo},
  booktitle={International Conference on Learning Representations},
  year={2018}
}
@inproceedings{chen2021atom,
  author       = {Jiefeng Chen and
                  Yixuan Li and
                  Xi Wu and
                  Yingyu Liang and
                  Somesh Jha},
  title        = {{ATOM:} Robustifying Out-of-Distribution Detection Using Outlier Mining},
  booktitle    = {Joint European Conference on Machine Learning and Knowledge Discovery in Databases, {ECML} {PKDD}},
  series       = {Lecture Notes in Computer Science},
  volume       = {12977},
  pages        = {430--445},
  publisher    = {Springer},
  year         = {2021},
  url          = {https://doi.org/10.1007/978-3-030-86523-8\_26},
  doi          = {10.1007/978-3-030-86523-8\_26}
}
@InProceedings{Huang_MOS,
    author    = {Huang, Rui and Li, Yixuan},
    title     = {{MOS}: {T}owards Scaling Out-of-Distribution Detection for Large Semantic Space},
    booktitle = {Proceedings of the {IEEE/CVF} Conference on Computer Vision and Pattern Recognition ({CVPR})},
    month     = {June},
    year      = {2021},
    pages     = {8710-8719}
}
% New OOD detection papers
@inproceedings{wang2022vim,
  title={{ViM}: {Out-Of-Distribution} with Virtual-logit Matching},
  author={Wang, Haoqi and Li, Zhizhong and Feng, Litong and Zhang, Wayne},
  booktitle={Proceedings of the {IEEE/CVF} Conference on Computer Vision and Pattern Recognition},
  pages={4921--4930},
  year={2022}
}
@inproceedings{cao2022deep,
  title={Deep Hybrid Models for Out-of-Distribution Detection},
  author={Cao, Senqi and Zhang, Zhongfei},
  booktitle={Proceedings of the {IEEE/CVF} Conference on Computer Vision and Pattern Recognition},
  pages={4733--4743},
  year={2022}
}
@inproceedings{sun2021react,
  author    = {Yiyou Sun and
               Chuan Guo and
               Yixuan Li},
  title     = {{ReAct}: {Out-of-distribution} Detection With Rectified Activations},
  booktitle = {Advances in Neural Information Processing Systems ({NeurIPS})},
  pages     = {144--157},
  year      = {2021},
  url       = {https://proceedings.neurips.cc/paper/2021/hash/01894d6f048493d2cacde3c579c315a3-Abstract.html}
}

% Similar to JTLA but outperforms on OOD detection
@inproceedings{haroush2022statistical,
  author    = {Matan Haroush and
               Tzviel Frostig and
               Ruth Heller and
               Daniel Soudry},
  title     = {A Statistical Framework for Efficient Out of Distribution Detection in Deep Neural Networks},
  booktitle = {The Tenth International Conference on Learning Representations ({ICLR})},
  publisher = {OpenReview.net},
  year      = {2022},
  url       = {https://openreview.net/forum?id=Oy9WeuZD51}
}

% AI Safety
@article{amodei2016AISafety,
  title={Concrete problems in {AI} safety},
  author={Amodei, Dario and Olah, Chris and Steinhardt, Jacob and Christiano, Paul and Schulman, John and Man{\'e}, Dan},
  journal={arXiv preprint arXiv:1606.06565},
  year={2016}
}
@inproceedings{nguyen2015posterior,
  title={Posterior calibration and exploratory analysis for natural language processing models},
  author={Nguyen, Khanh Xuan and O'Connor, Brendan},
  booktitle={EMNLP},
  year={2015}
}

@inproceedings{goodfellow2015explaining,
  author       = {Ian J. Goodfellow and
                  Jonathon Shlens and
                  Christian Szegedy},
  title        = {Explaining and Harnessing Adversarial Examples},
  booktitle    = {3rd International Conference on Learning Representations ({ICLR})},
  year         = {2015},
  url          = {http://arxiv.org/abs/1412.6572}
}

% Reference for the multivariate class separability metric
@book{fukunaga1990,
  title={Introduction to Statistical Pattern Recognition},
  author={Fukunaga, Keinosuke},
  year={1990},
  edition={2},
  publisher={Academic Press}
}

% https://doc.lagout.org/science/Artificial%20Intelligence/Pattern%20recognition/Introduction%20to%20Statistical%20Pattern%20Recognition%202nd%20Ed%20-%20%20Keinosuke%20Fukunaga.pdf
@inbook{fukunaga1990separ,
  title={Introduction to Statistical Pattern Recognition},
  author={Fukunaga, Keinosuke},
  year={1990},
  edition={2},
  publisher={Academic Press},
  chapter={10},
  pages={446--451}
}

% The Bhattacharya distance can also be used as a class separability measure and it is theoretically motivated as an upper bound of the Bayes error.
% For the case where both classes have a multivariate Gaussian distribution, Eq. (3.152) on page 99 gives the Bhattacharya distance.
@inbook{fukunaga1990bhatta,
  title={Introduction to Statistical Pattern Recognition},
  author={Fukunaga, Keinosuke},
  year={1990},
  edition={2},
  publisher={Academic Press},
  chapter={3},
  pages={97--103}
}

@article{bhattacharyya1943measure,
  title={On a measure of divergence between two statistical populations defined by their probability distributions},
  author={Bhattacharyya, Anil},
  journal={Bull. Calcutta Math. Soc.},
  volume={35},
  pages={99--109},
  year={1943}
}

@book{murphy2012machine,
  title={Machine Learning: {A} Probabilistic Perspective},
  author={Murphy, Kevin P},
  year={2012},
  publisher={{MIT} press}
}
@inbook{murphy2012separ,
  title={Machine Learning: {A} Probabilistic Perspective},
  author={Murphy, Kevin P},
  year={2012},
  publisher={{MIT} press},
  chapter={8},
  pages={271--274}
}

@inproceedings{szegedy2016inception-v3,
  title={Rethinking the inception architecture for computer vision},
  author={Szegedy, Christian and Vanhoucke, Vincent and Ioffe, Sergey and Shlens, Jon and Wojna, Zbigniew},
  booktitle={Proceedings of the {IEEE} conference on computer vision and pattern recognition},
  pages={2818--2826},
  year={2016}
}

@inproceedings{lin2014mscoco,
  author    = {Tsung{-}Yi Lin and
               Michael Maire and
               Serge J. Belongie and
               James Hays and
               Pietro Perona and
               Deva Ramanan and
               Piotr Doll{\'{a}}r and
               C. Lawrence Zitnick},
  title     = {Microsoft {COCO:} {C}ommon Objects in Context},
  booktitle = {European Conference on Computer Vision - {ECCV}},
  series    = {Lecture Notes in Computer Science},
  volume    = {8693},
  pages     = {740--755},
  publisher = {Springer},
  year      = {2014},
  url       = {https://doi.org/10.1007/978-3-319-10602-1\_48},
  doi       = {10.1007/978-3-319-10602-1\_48}
}


% knowledge distillation
@article{hinton2015distilling,
  author       = {Geoffrey E. Hinton and
                  Oriol Vinyals and
                  Jeffrey Dean},
  title        = {Distilling the Knowledge in a Neural Network},
  journal      = {CoRR},
  volume       = {abs/1503.02531},
  year         = {2015},
  url          = {http://arxiv.org/abs/1503.02531},
  eprinttype    = {arXiv},
  eprint       = {1503.02531}
}

@article{ba2014deep,
  title={Do Deep Nets Really Need to be Deep?},
  author={Ba, Jimmy and Caruana, Rich},
  journal={Advances in Neural Information Processing Systems},
  volume={27},
  year={2014}
}
@inproceedings{zhou2018rocket,
  title={Rocket launching: A universal and efficient framework for training well-performing light net},
  author={Zhou, Guorui and Fan, Ying and Cui, Runpeng and Bian, Weijie and Zhu, Xiaoqiang and Gai, Kun},
  booktitle={Thirty-second {AAAI} conference on artificial intelligence},
  year={2018}
}
@article{romero2014fitnets,
  title={Fitnets: Hints for thin deep nets},
  author={Romero, Adriana and Ballas, Nicolas and Kahou, Samira Ebrahimi and Chassang, Antoine and Gatta, Carlo and Bengio, Yoshua},
  journal={arXiv preprint arXiv:1412.6550},
  year={2014}
}
@article{zagoruyko2016paying,
  title={Paying more attention to attention: Improving the performance of convolutional neural networks via attention transfer},
  author={Zagoruyko, Sergey and Komodakis, Nikos},
  journal={arXiv preprint arXiv:1612.03928},
  year={2016}
}


%dataset
@article{xian2018awa,
  title={Zero-shot learning—a comprehensive evaluation of the good, the bad and the ugly},
  author={Xian, Yongqin and Lampert, Christoph H and Schiele, Bernt and Akata, Zeynep},
  journal={{IEEE} transactions on pattern analysis and machine intelligence},
  volume={41},
  number={9},
  pages={2251--2265},
  year={2018},
  publisher={{IEEE}}
}


@inproceedings{cimpoi2014textures,
  title={Describing textures in the wild},
  author={Cimpoi, Mircea and Maji, Subhransu and Kokkinos, Iasonas and Mohamed, Sammy and Vedaldi, Andrea},
  booktitle={Proceedings of the {IEEE} Conference on Computer Vision and Pattern Recognition},
  pages={3606--3613},
  year={2014}
}
@article{zhou2017places,
  title={Places: {A} 10 million image database for scene recognition},
  author={Zhou, Bolei and Lapedriza, Agata and Khosla, Aditya and Oliva, Aude and Torralba, Antonio},
  journal={{IEEE} transactions on pattern analysis and machine intelligence},
  volume={40},
  number={6},
  pages={1452--1464},
  year={2017},
  publisher={{IEEE}}
}
@inproceedings{van2018inaturalist,
  title={The {IN}aturalist species classification and detection dataset},
  author={Van Horn, Grant and Mac Aodha, Oisin and Song, Yang and Cui, Yin and Sun, Chen and Shepard, Alex and Adam, Hartwig and Perona, Pietro and Belongie, Serge},
  booktitle={Proceedings of the {IEEE} conference on computer vision and pattern recognition},
  pages={8769--8778},
  year={2018}
}
@inproceedings{xiao2010sun,
  title={Sun database: {L}arge-scale scene recognition from abbey to zoo},
  author={Xiao, Jianxiong and Hays, James and Ehinger, Krista A and Oliva, Aude and Torralba, Antonio},
  booktitle={2010 {IEEE} computer society conference on computer vision and pattern recognition},
  pages={3485--3492},
  year={2010},
  organization={{IEEE}}
}

% optimizer
@inproceedings{kingma2014adam,
  author       = {Diederik P. Kingma and
                  Jimmy Ba},
  title        = {Adam: {A} Method for Stochastic Optimization},
  booktitle    = {3rd International Conference on Learning Representations ({ICLR})},
  year         = {2015},
  url          = {http://arxiv.org/abs/1412.6980}
}

% Accepted in IJCNN 2022
@article{joshi2022semantic,
  title={Semantic Driven Energy based Out-of-Distribution Detection},
  author={Joshi, Abhishek and Chalasani, Sathish and Iyer, Kiran Nanjunda},
  journal={arXiv preprint arXiv:2208.10787},
  year={2022}
}

@inproceedings{sarkar2022framework,
  title={A Framework for Learning Ante-hoc Explainable Models via Concepts},
  author={Sarkar, Anirban and Vijaykeerthy, Deepak and Sarkar, Anindya and Balasubramanian, Vineeth N},
  booktitle={Proceedings of the {IEEE/CVF} Conference on Computer Vision and Pattern Recognition},
  pages={10286--10295},
  year={2022}
}

% Book chapter
@article{hitzler2022human,
  title={Human-Centered Concept Explanations for Neural Networks},
  author={Hitzler, P and Sarker, MK},
  journal={Neuro-Symbolic Artificial Intelligence: {The} State of the Art},
  volume={342},
  number={337},
  pages={2},
  year={2022},
  publisher={{IOS Press}}
}

% Concept bottleneck shift detection
@article{wijaya2021cbsd,
  author    = {Maleakhi A. Wijaya and
               Dmitry Kazhdan and
               Botty Dimanov and
               Mateja Jamnik},
  title     = {Failing Conceptually: {C}oncept-Based Explanations of Dataset Shift},
  journal   = {{CoRR}},
  volume    = {abs/2104.08952},
  year      = {2021},
  url       = {https://arxiv.org/abs/2104.08952},
  eprinttype = {arXiv},
  eprint    = {2104.08952}
}

% Recent surveys to cite
@article{yang2021survey,
  author    = {Jingkang Yang and
               Kaiyang Zhou and
               Yixuan Li and
               Ziwei Liu},
  title     = {Generalized Out-of-Distribution Detection: {A} Survey},
  journal   = {{CoRR}},
  volume    = {abs/2110.11334},
  year      = {2021},
  url       = {https://arxiv.org/abs/2110.11334},
  eprinttype = {arXiv},
  eprint    = {2110.11334}
}

@article{chalapathy2019survey,
  author    = {Raghavendra Chalapathy and
               Sanjay Chawla},
  title     = {Deep Learning for Anomaly Detection: {A} Survey},
  journal   = {{CoRR}},
  volume    = {abs/1901.03407},
  year      = {2019},
  url       = {http://arxiv.org/abs/1901.03407},
  eprinttype = {arXiv},
  eprint    = {1901.03407}
}

@article{pang2021survey,
  author    = {Guansong Pang and
               Chunhua Shen and
               Longbing Cao and
               Anton van den Hengel},
  title     = {Deep Learning for Anomaly Detection: {A} Review},
  journal   = {{ACM} Computing Surveys ({CSUR})},
  volume    = {54},
  number    = {2},
  pages     = {38:1--38:38},
  year      = {2021},
  url       = {https://doi.org/10.1145/3439950},
  doi       = {10.1145/3439950}
}

@article{chandola2009survey,
  author    = {Varun Chandola and
               Arindam Banerjee and
               Vipin Kumar},
  title     = {Anomaly detection: {A} survey},
  journal   = {{ACM} Computing Surveys},
  volume    = {41},
  number    = {3},
  pages     = {15:1--15:58},
  year      = {2009},
  url       = {https://doi.org/10.1145/1541880.1541882},
  doi       = {10.1145/1541880.1541882}
}

@article{fernando2022survey,
  author    = {Tharindu Fernando and
               Harshala Gammulle and
               Simon Denman and
               Sridha Sridharan and
               Clinton Fookes},
  title     = {Deep Learning for Medical Anomaly Detection - {A} Survey},
  journal   = {{ACM} Computing Surveys ({CSUR})},
  volume    = {54},
  number    = {7},
  pages     = {141:1--141:37},
  year      = {2022},
  url       = {https://doi.org/10.1145/3464423},
  doi       = {10.1145/3464423}
}

@article{singh2020explainable,
  title={Explainable Deep Learning Models in Medical Image Analysis},
  author={Singh, Amitojdeep and Sengupta, Sourya and Lakshminarayanan, Vasudevan},
  journal={Journal of Imaging},
  volume={6},
  number={6},
  pages={52},
  year={2020},
  publisher={{MDPI}}
}

% I wonder if negative data augmentation could be useful for creating the auxiliary OOD dataset?
@inproceedings{sinha2021negative,
  author    = {Abhishek Sinha and
               Kumar Ayush and
               Jiaming Song and
               Burak Uzkent and
               Hongxia Jin and
               Stefano Ermon},
  title     = {Negative Data Augmentation},
  booktitle = {9th International Conference on Learning Representations ({ICLR})},
  publisher = {OpenReview.net},
  year      = {2021},
  url       = {https://openreview.net/forum?id=Ovp8dvB8IBH}
}

@inproceedings{kim2022hive,
  author    = {Sunnie S. Y. Kim and
               Nicole Meister and
               Vikram V. Ramaswamy and
               Ruth Fong and
               Olga Russakovsky},
  title     = {{HIVE}: {E}valuating the Human Interpretability of Visual Explanations},
  booktitle = {17th European Conference on Computer Vision ({ECCV})},
  series    = {Lecture Notes in Computer Science},
  volume    = {13672},
  pages     = {280--298},
  publisher = {Springer},
  year      = {2022},
  url       = {https://doi.org/10.1007/978-3-031-19775-8\_17}
}

@inproceedings{hendrycks2021many,
  author       = {Dan Hendrycks and
                  Steven Basart and
                  Norman Mu and
                  Saurav Kadavath and
                  Frank Wang and
                  Evan Dorundo and
                  Rahul Desai and
                  Tyler Zhu and
                  Samyak Parajuli and
                  Mike Guo and
                  Dawn Song and
                  Jacob Steinhardt and
                  Justin Gilmer},
  title        = {The Many Faces of Robustness: {A} Critical Analysis of Out-of-Distribution
                  Generalization},
  booktitle    = {{IEEE/CVF} International Conference on Computer Vision ({ICCV})},
  pages        = {8320--8329},
  publisher    = {{IEEE}},
  year         = {2021},
  url          = {https://doi.org/10.1109/ICCV48922.2021.00823},
  doi          = {10.1109/ICCV48922.2021.00823}
}

@inproceedings{yang2022openood,
  author       = {Jingkang Yang and
                  Pengyun Wang and
                  Dejian Zou and
                  Zitang Zhou and
                  Kunyuan Ding and
                  Wenxuan Peng and
                  Haoqi Wang and
                  Guangyao Chen and
                  Bo Li and
                  Yiyou Sun and
                  Xuefeng Du and
                  Kaiyang Zhou and
                  Wayne Zhang and
                  Dan Hendrycks and
                  Yixuan Li and
                  Ziwei Liu},
  title        = {{OpenOOD}: {Benchmarking} Generalized Out-of-Distribution Detection},
  booktitle    = {NeurIPS},
  year         = {2022},
  url          = {https://proceedings.neurips.cc//paper_files/paper/2022/hash/d201587e3a84fc4761eadc743e9b3f35-Abstract.html}
}

% Papers on classification with a reject option
@article{tax2008growing,
  author       = {David M. J. Tax and
                  Robert P. W. Duin},
  title        = {Growing a multi-class classifier with a reject option},
  journal      = {Pattern Recognition Letters},
  volume       = {29},
  number       = {10},
  pages        = {1565--1570},
  year         = {2008},
  url          = {https://doi.org/10.1016/j.patrec.2008.03.010},
  doi          = {10.1016/j.patrec.2008.03.010}
}

@inproceedings{geifman2019selectivenet,
  author    = {Yonatan Geifman and
               Ran El{-}Yaniv},
  title     = {{SelectiveNet}: {A} Deep Neural Network with an Integrated Reject Option},
  booktitle = {Proceedings of the 36th International Conference on Machine Learning ({ICML})},
  series    = {Proceedings of Machine Learning Research},
  volume    = {97},
  pages     = {2151--2159},
  publisher = {{PMLR}},
  year      = {2019},
  url       = {http://proceedings.mlr.press/v97/geifman19a.html},
  timestamp = {Tue, 11 Jun 2019 15:37:38 +0200},
  biburl    = {https://dblp.org/rec/conf/icml/GeifmanE19.bib},
  bibsource = {dblp computer science bibliography, https://dblp.org}
}

@inproceedings{charoenphakdee2021classification,
  author    = {Nontawat Charoenphakdee and
               Zhenghang Cui and
               Yivan Zhang and
               Masashi Sugiyama},
  title     = {Classification with Rejection Based on Cost-sensitive Classification},
  booktitle = {Proceedings of the 38th International Conference on Machine Learning ({ICML})},
  series    = {Proceedings of Machine Learning Research},
  volume    = {139},
  pages     = {1507--1517},
  publisher = {{PMLR}},
  year      = {2021},
  url       = {http://proceedings.mlr.press/v139/charoenphakdee21a.html},
  timestamp = {Wed, 25 Aug 2021 17:11:17 +0200},
  biburl    = {https://dblp.org/rec/conf/icml/CharoenphakdeeC21.bib},
  bibsource = {dblp computer science bibliography, https://dblp.org}
}

@inproceedings{cortes2016learning,
  author    = {Corinna Cortes and
               Giulia DeSalvo and
               Mehryar Mohri},
  title     = {Learning with Rejection},
  booktitle = {Algorithmic Learning Theory - 27th International Conference, {ALT}},
  series    = {Lecture Notes in Computer Science},
  volume    = {9925},
  pages     = {67--82},
  year      = {2016},
  url       = {https://doi.org/10.1007/978-3-319-46379-7\_5},
  doi       = {10.1007/978-3-319-46379-7\_5},
  timestamp = {Tue, 14 May 2019 10:00:51 +0200},
  biburl    = {https://dblp.org/rec/conf/alt/CortesDM16.bib},
  bibsource = {dblp computer science bibliography, https://dblp.org}
}

% Cost of abstaining from prediction
@misc{markoff2016self,
  author       = {John Markoff},
  title        = {For Now, Self-Driving Cars Still Need Humans},
  note         = "The New York Times",
  year         = {2016},
  howpublished = "\url{https://www.nytimes.com/2016/01/18/technology/driverless-cars-limits-include-human-nature.html}",
}

@inproceedings{cunningham2015autonomous,
  title={Autonomous vehicles: human factors issues and future research},
  author={Cunningham, Mitchell and Regan, Michael A},
  booktitle={Proceedings of the 2015 Australasian Road safety conference},
  volume={14},
  year={2015}
}

@inproceedings{mozannar2020consistent,
  author       = {Hussein Mozannar and
                  David A. Sontag},
  title        = {Consistent Estimators for Learning to Defer to an Expert},
  booktitle    = {Proceedings of the 37th International Conference on Machine Learning ({ICML})},
  series       = {Proceedings of Machine Learning Research},
  volume       = {119},
  pages        = {7076--7087},
  publisher    = {{PMLR}},
  year         = {2020},
  url          = {http://proceedings.mlr.press/v119/mozannar20b.html}
}
